<?xml version="1.0" encoding="UTF-8"?>
<record xmlns="http://www.loc.gov/MARC21/slim" xmlns:xsi="http://www.w3.org/2001/XMLSchema-instance" xsi:schemaLocation="http://www.loc.gov/MARC21/slim http://www.loc.gov/standards/marcxml/schema/MARC21slim.xsd">
<leader>00000cam a22      a 4500</leader>
<controlfield tag="001">001680152</controlfield>
<controlfield tag="003">NNU</controlfield>
<controlfield tag="005">20150327171217.0</controlfield>
<controlfield tag="008">010829s1889    le            000 0 ara d</controlfield>
<datafield tag="035" ind1=" " ind2=" ">
<subfield code="a">(OCoLC)122765136</subfield>
</datafield>
<datafield tag="040" ind1=" " ind2=" ">
<subfield code="a">EQO</subfield>
<subfield code="b">eng</subfield>
<subfield code="c">EQO</subfield>
<subfield code="d">OCLCG</subfield>
<subfield code="d">OCLCA</subfield>
<subfield code="d">OCLCQ</subfield>
<subfield code="d">NNU</subfield>
</datafield>
<datafield tag="050" ind1=" " ind2="4">
<subfield code="a">PJ7551</subfield>
<subfield code="b">.I3 1889</subfield>
</datafield>
<datafield tag="100" ind1="1" ind2=" ">
<subfield code="6">880-01</subfield>
<subfield code="a">Arrajānī, Aḥmad ibn Muḥammad,</subfield>
<subfield code="d">1067 or 1068-1149 or 1150.</subfield>
</datafield>
<datafield tag="245" ind1="1" ind2="0">
<subfield code="6">880-02</subfield>
<subfield code="a">Dīwān Nāṣiḥ al-Dīn Abī Bakr Aḥmad Ibn al-Ḥusayn al-Arrajānī /</subfield>
<subfield code="c">wa-qad ṣaḥḥaḥahu wa-fassara al-Gharīb min alfāẓihi Aḥmad ibn ʻAbbās al-Azharī.</subfield>
</datafield>
<datafield tag="260" ind1=" " ind2=" ">
<subfield code="6">880-03</subfield>
<subfield code="a">Bayrūt :</subfield>
<subfield code="b">Maṭbaʻat Jarīdat Bayrūt,</subfield>
<subfield code="c">[1889]</subfield>
</datafield>
<datafield tag="300" ind1=" " ind2=" ">
<subfield code="a">453 pages ;</subfield>
<subfield code="c">21 cm</subfield>
</datafield>
<datafield tag="336" ind1=" " ind2=" ">
<subfield code="a">text</subfield>
<subfield code="b">txt</subfield>
<subfield code="2">rdacontent</subfield>
</datafield>
<datafield tag="337" ind1=" " ind2=" ">
<subfield code="a">unmediated</subfield>
<subfield code="b">n</subfield>
<subfield code="2">rdamedia</subfield>
</datafield>
<datafield tag="338" ind1=" " ind2=" ">
<subfield code="a">volume</subfield>
<subfield code="b">nc</subfield>
<subfield code="2">rdacarrier</subfield>
</datafield>
<datafield tag="700" ind1="1" ind2=" ">
<subfield code="6">880-04</subfield>
<subfield code="a">Azharī, Aḥmad ʻAbbās,</subfield>
<subfield code="d">1853 or 1854-1926 or 1927.</subfield>
</datafield>
<datafield tag="880" ind1="1" ind2=" ">
<subfield code="6">100-01/</subfield>
<subfield code="a">أرجاني، أحمد بن محمد,</subfield>
<subfield code="d">1067 or 1068-1149 or 1150.</subfield>
</datafield>
<datafield tag="880" ind1="1" ind2="0">
<subfield code="6">245-02/</subfield>
<subfield code="a">ديوان ناصح الدين أبي بكر أجمد ابن الحسين الأرجاني /</subfield>
<subfield code="c">وقد صححه وفسر الغريب من ألفاظه أحمد بن عباس الأزهري.</subfield>
</datafield>
<datafield tag="880" ind1=" " ind2=" ">
<subfield code="6">260-03/</subfield>
<subfield code="a">بيروت :</subfield>
<subfield code="b">مطبعة جريدة بيروت،</subfield>
<subfield code="c">[١٨٨٩]</subfield>
</datafield>
<datafield tag="880" ind1="1" ind2=" ">
<subfield code="6">700-04/</subfield>
<subfield code="a">أزهري، أحمد عباس.</subfield>
</datafield>
<datafield tag="OWN" ind1=" " ind2=" ">
<subfield code="a">GENERAL</subfield>
</datafield>
<datafield tag="AVA" ind1=" " ind2=" ">
<subfield code="a">NYU50</subfield>
<subfield code="b">BOBST</subfield>
<subfield code="c">Main Collection</subfield>
<subfield code="d">PJ7551 .I3 1889</subfield>
<subfield code="e">unavailable</subfield>
<subfield code="t">Unavailable</subfield>
<subfield code="f">1</subfield>
<subfield code="g">1</subfield>
<subfield code="h">N</subfield>
<subfield code="i">0</subfield>
<subfield code="j">MAIN</subfield>
<subfield code="k">0</subfield>
</datafield>
</record>
